% Encoding: UTF-8

% Publishers % ================================================= |

 @String{Academic = "Academic Press" }
 @String{ACMMathSoft = "{ACM} Transactions on Mathematical Software" }
 @String{ACMPress = "{ACM} Press" }
 @String{AdamHilger = "Adam Hilger" }
 @String{AddisonWesley = "Addison-Wesley" }
 @String{AllynBacon = "Allyn and Bacon" }
 @String{AmerMathMonthly = "American Mathematical Monthly" }

 @String{AmerSocio = "American Journal of Sociology" }
 @String{AmerStatAssoc = "Journal of the American Statistical Association" }
 @String{AMS = "American Mathematical Society" }
%%% ====================================================================
%%%  BibTeX-file{
%%%     author          = "Gerry Murray",
%%%     version         = "1.2",
%%%     date            = "2 April 2012",
%%%     filename        = "acmtog-sample-bibfile.bib",
%%%     address         = "ACM, NY",
%%%     email           = "murray at hq.acm.org",
%%%     codetable       = "ISO/ASCII",
%%%     keywords        = "ACM Reference Format, bibliography, citation, references",
%%%     supported       = "yes",
%%%     docstring       = "This BibTeX database file contains 'bibdata' entries
%%%                        that 'match' the examples provided in the Specifications Document
%%%                        AND, also, 'legacy'-type bibs. It should assist authors in 
%%%                        choosing the 'correct' at-bibtype and necessary bib-fields
%%%                        so as to obtain the appropriate ACM Reference Format output. 
%%%			   It also contains many 'Standard Abbreviations'. "
%%%  }
%%% ====================================================================

% Journals

% First the Full Name is given, then the abbreviation used in the AMS Math
% Reviews, with an indication if it could not be found there.
% Note the 2nd overwrites the 1st, so swap them if you want the full name.

 %{AMS}
 @String{AMSTrans = "American Mathematical Society Translations" }
 @String{ApplMathComp = "Applied Mathematics and Computation" }
 @String{Birkhauser = "Birkha{\"u}ser" }
 @String{BIT = "{BIT}" }
 @String{BritStatPsych = "British Journal of Mathematical and Statistical
          Psychology" }
 @String{BullAMS = "Bulletin of the American Mathematical Society" }

 %ACM
 @String{CACM = "Communications of the {ACM}" }
 @String{CambridgePress = "Cambridge University Press" }
 @String{CanMathBull = "Canadian Mathematical Bulletin" }
 @String{Chelsea = "Chelsea" }
 @String{ClaredonPress = "Claredon Press" }
 @String{CompApplMath = "Journal of Computational and Applied Mathematics" }
 @String{CompJour = "The Computer Journal" }
 @String{CompPhys = "Journal of Computational Physics" }
 @String{CompServ = "Comput. Surveys" }
 @String{CompStruct = "Computers and Structures" }
 @String{CompSysSci = "Journal of Computer and System Sciences" }
% didn't find in AMS MR., ibid.

 %IEEE
 @String{Computer = "{IEEE} Computer" }
 @String{Computing = "Computing" }
 @String{ContempMath = "Contemporary Mathematics" }
 @String{Crelle = "Crelle's Journal" }
 @String{DoverPub = "Dover Publications" }
 @String{Eyolles = "Eyolles" }
 @String{GiornaleMath = "Giornale di Mathematiche" }
 @String{HoltRinehartWinston = "Holt, Rinehart and Winston" }
 @String{IEEESpec = "{IEEE} Spectrum" }  @String{IEEETransAC = "{IEEE} Transactions on Automatic Control" }
% didn't find in AMS MR
 @String{IEEETransAeroElec = "{IEEE} Transactions on Aerospace and Electronic
     Systems" }
 @String{IEEETransComp = "{IEEE} Transactions on Computers" }

 @String{IMANumerAna = "{IMA} Journal of Numerical Analysis" }
 @String{InfProcLet = "Information Processing Letters" }
 @String{InstMathApp = "Journal of the Institute of Mathematics and
     its Applications" }
 @String{IntControl = "International Journal of Control" }
 @String{Interscience = "Interscience" }
 @String{IntNumerEng = "International Journal for Numerical Methods in
     Engineering" }
 @String{IntSuper = "International Journal of Supercomputing Applications" }
 @String{JACM = "J. ACM" }
 @String{JohnsHopkinsPress = "The Johns Hopkins University Press" }
 @String{JohnWileySons = "John Wiley and Sons" }
 @String{JResNatBurStand = "Journal of Research of the National Bureau
     of Standards" }

 %SIAM
 @String{JSIAM = "Journal of the Society for Industrial and Applied
     Mathematics" }
 @String{JSIAMB = "Journal of the Society for Industrial and Applied
     Mathematics, Series B, Numerical Analysis" }
% didn't find
%% in AMS MR
 @String{Kibernetika = "Kibernetika" }
 @String{LinAlgApp = "Linear Algebra and its Applications" }
 @String{Macmillan = "Macmillan" }
 @String{MathAnaAppl = "Journal of Mathematical Analysis and Applications" }
 @String{MathAnnalen = "Mathematische Annalen" }
 @String{MathComp = "Mathematics of Computation" }
 @String{MathPhys = "Journal of Mathematical Physics" }
 @String{MathScand = "Mathematica Scandinavica" }
 @String{MathWorks = "The Math Works Inc." }
 @String{McGrawHill = "McGraw-Hill" }
 @String{NatBurStd = "National Bureau of Standards" }
 @String{NorthHolland = "North-Holland" }
 @String{NumerMath = "Numerische Mathematik" }
 @String{OxfordPress = "Oxford University Press" }   @String{PacificMath = "Pacific Journal of Mathematics" }
% didn't find
%% in AMS MR
 @String{ParComputing = "Parallel Computing" }
 @String{ParDistComp = "Journal of Parallel and Distributed Computing" }
%address Oxford or London?
 @String{PergamonPress = "Pergamon Press" }
 @String{PhilMag = "Philosophical Magazine" }
 @String{PlenumPress = "Plenum Press" }
 @String{PrenticeHall = "Prentice-Hall" }
 @String{ProcAMS = "Proceedings of the American Mathematical Society" }
% didn't find in AMS MR
 @String{ProcIEEE = "Proceedings of the {IEEE}" }
 @String{ProcNAS = "Proceedings of the National Academy of Sciences
                    of the USA" }
 @String{Psychometrika = "Psychometrika" }
 @String{QuartApplMath = "Quarterly of Applied Mathematics" }
 @String{QuartMath = "Quarterly Journal of Mathematics, Oxford, Series (2)" }
 @String{RevueInstStat = "Review of the International Statisical Institute" }
 @String{SIAMAlgMeth = "{SIAM} Journal on Algebraic and Discrete Methods" }
 @String{SIAMAppMath = "{SIAM} Journal on Applied Mathematics" }
 @String{SIAMComp = "{SIAM} Journal on Computing" }
 @String{SIAMMatrix = "{SIAM} Journal on Matrix Analysis and Applications" }
 @String{SIAMNumAnal = "{SIAM} Journal on Numerical Analysis" }
 @String{SIAMPub = "{SIAM} Publications" }
 @String{SIAMReview = "{SIAM} Review" }
 @String{SIAMSciStat = "{SIAM} Journal on Scientific and Statistical
     Computing" }
 @String{SIGNUM = "{ACM} {SIGNUM} Newsletter" }

 @String{SoftPracExp = "Software Practice and Experience" }
 @String{Springer = "Springer-Verlag" }
% didn't find in AMS MR
 @String{StatScience = "Statistical Science" }
 @String{TablesAidsComp = "Mathematical Tables and Other Aids to Computation" }
 @String{Techno = "Technometrics" }
 @String{TexasPress = "University of Texas Press" }
 @String{TransAMS = "Transactions of the American Mathematical Society" }
 @String{USSRCompMathPhys = "{USSR} Computational Mathematics and Mathematical
     Physics" }
 @String{VanNostrand = "Van Nostrand" }
 @String{VLSICompSys = "Journal of {VLSI} and Computer Systems" }
 @String{WHFreeman = "W. H. Freeman and Co." }
 @String{ZAngewMathMech = "Zeitschrift fur Angewandte Mathematik und
     Mechanik" }
 @String{ZAngewMathPhys = "Zeitschrift fur Angewandte Mathematik und Physik" }

%Entries

@Article{Meisheri17,
  author        = {{Hardik Meisheri and Rupsa Saha and Priyanka Sinha and Lipika Dey}},
  title         = {{A Deep Learning Approach to Sentiment Intensity Scoring of English Tweets}},
  journal       = {Proceedings of the 8th Workshop on Computational Approaches to Subjectivity, Sentiment and Social Media Analysis},
  year          = {2017},
  volume        = {8},
  number        = {7},
  pages         = {193--199},
  month         = sep,
  abstract      = {Knee osteoarthritis (OA) is the most common musculoskeletal disorder. OA
diagnosis is currently conducted by assessing symptoms and evaluating
plain radiographs, but this process suffers from subjectivity. In this
study, we present a new transparent computer-aided diagnosis method
based on the Deep Siamese Convolutional Neural Network to automatically
score knee OA severity according to the Kellgren-Lawrence grading scale.
We trained our method using the data solely from the Multicenter
Osteoarthritis Study and validated it on randomly selected 3,000
subjects (5,960 knees) from Osteoarthritis Initiative dataset. Our
method yielded a quadratic Kappa coefficient of 0.83 and average
multiclass accuracy of 66.71\% compared to the annotations given by a
committee of clinical experts. Here, we also report a radiological OA
diagnosis area under the ROC curve of 0.93. Besides this, we present
attention maps highlighting the radiological features affecting the
network decision. Such information makes the decision process
transparent for the practitioner, which builds better trust toward
automatic methods. We believe that our model is useful for clinical
decision making and for OA research; therefore, we openly release our
training codes and the data set created in this study.
},
  archiveprefix = {arXiv},
  doi           = {10.1038/s41598-018-20132-7},
  institution   = {The Cambridge Student},
  primaryclass  = {cs.CV},
}

@Article{Baltas17,
  author 	= "{Alexandros Baltas and Andreas Kanavos and Athanasios K. Tsakalidis}",
  title 	= "An Apache Spark Implementation for Sentiment Analysis on Twitter Data",
  month 	= aug,
  year 		= "2017",
  pages 	= "15--25",
  doi 		= "10.1007/978-3-319-57045-7_2",
  url		= "",
  institution	= "Computer Engineering and Informatics Department, University of Patras, Patras, Greece",
  journal 	= "",
  editor        = "",
  volume 	= "",
  number 	= "",
  publisher     = "Springer International Publishing",	
}

@Article{Vyas17,
  author 	= {Vishal Vyasa and V.Umab},
  title 	= {An Extensive study of Sentiment Analysis tools and Binary},
  journal 	= {Procedia Computer Science},
  editor        = {Elsevier B.V.},
  volume 	= "125",
  number 	= "",
  month 	= dec,
  year 		= "2017",
  pages 	= "193--199",
  doi 		= {10.1016/j.procs.2017.12.044},
  url		= "",
  institution	= {Department Of Computer Science, Pondicherry University, Puducherry-605014, India},
}

@Article{Ayvazb17,
  author        = {Nazan \"{O}zt\"{u}rka and Serkan Ayvazb},
  title         = {Sentiment analysis on Twitter: A text mining approach to the Syrian refugee crisis},
  journal       = {Telematics and Informatics},
  year          = {2017},
  volume        = {35},
  pages         = {136--147},
  month         = oct,
  doi           = {10.1016/j.procs.2017.12.044},
  eprint        = {1611.09441},
  institution   = {Department of Computer Engineering, Bahcesehir University, Besiktas 34349, Istanbul, Turkey},
  primaryclass  = {cs.CL},
  publisher     = {Elsevier Ltd.},
  url           = {http://dx.doi.org/10.1016/j.tele.2017.10.006},
}

@Article{Cuadros17,
  author 	= {Aitor Garc\'{i}a-Pablos, Montse Cuadros, German Rigau},
  title 	= "W2VLDA: Almost unsupervised system for Aspect Based Sentiment Analysis",
  journal 	= "Expert Systems With Applications",
  editor        = "",
  volume 	= "91",
  number 	= "",
  publisher     = "Elsevier Ltd.",
  month 	= sep,
  year 		= "2017",
  pages 	= "127--137",
  doi 		= "",
  url		= "http://dx.doi.org/10.1016/j.eswa.2017.08.049",
  institution	= "Vicomtech-IK4, Mikeletegi 57, San Sebastian, SpainIXA Group and EHU, Manuel Lardizabal 1, San Sebastian, Spain",
}


@Article{Palpanas11,
  author 	= "{Themis Palpanas and Mikalai Tsytsarau}",
  title 	= "Survey on mining subjective data on the web",
  journal 	= "Expert Systems With Applications",
  editor        = "",
  volume 	= "",
  number 	= "24",
  publisher     = "Data Mining and Knowledge Discovery",
  month 	= oct,
  year 		= "2011",
  pages 	= "478--514",
  doi 		= "10.1007/s10618-011-0238-6",
  url		= "",
  institution	= "University of Trento, 38100 Trento, TN, Italy",
}

@Article{Jianqiang17,
  author 	= "{Zhao Jianqiang and Gui Xiaolin}",
  title 	= "Comparison Research on Text Pre-processing Methods on Twitter Sentiment Analysis",
  journal 	= "IEEE Access",
  editor        = "",
  volume 	= "5",
  number 	= "",
  publisher     = "",
  month 	= feb,
  year 		= "2017",
  pages 	= "2870--2879",
  doi 		= "10.1109/ACCESS.2017.2672677",
  url		= "",
  institution	= "Shaanxi University of Science and Technology",
}

@Article{Marquez16,
  author 	= "{Felipe Bravo-Marquez and Eibe Frank and Saif M. Mohammad and Bernhard Pfahringer}",
  title 	= "{Determining Word–Emotion Associations from Tweets by Multi-Label Classification}",
  journal 	= "",
  editor        = "",
  volume 	= "",
  number 	= "",
  publisher     = "",
  month 	= {oct},
  year 		= "{2016}",
  pages 	= "{536--539}",
  doi 		= "",
  url		= "",
  institution	= "{Department of Computer Science, The University of Waikato Hamilton, New Zealand National Research Council Canada Ottawa, ON, Canada}",
}

@Article{Poddar16,
  author    = {Lahari Poddar and Kishaloy Halder and Xianyan Jia},
  title     = {Sentiment Analysis for Twitter : Going Beyond Tweet Text},
  journal   = {CoRR},
  volume    = {abs/1611.09441},
  year      = {2016},
}

@Comment{jabref-meta: databaseType:bibtex;}
